@techreport{rouwe:2005,
  author        = "Jorrit Rouw\'e",
  title         = "The Guerrilla Guide to Game Code",
  institution   = "Gamasutra.com",
  year          = "2005",
  type          = "",
  number        = "",
  address       = "",
  month         = "",
  note          = "\url{http://www.gamasutra.com/view/feature/2280/the_guerrilla_guide_to_game_code.php}"  
}