@techreport{rouwe:2005,
  author        = "Jorrit Rouw\'e",
  title         = "The Guerrilla Guide to Game Code",
  institution   = "Gamasutra.com",
  year          = "2005",
  type          = "",
  number        = "",
  address       = "",
  month         = "",
  note          = "\url{http://www.gamasutra.com/view/feature/2280/the_guerrilla_guide_to_game_code.php}"  
}
@INPROCEEDINGS{reynolds:1999,
  author = {Reynolds, Craig},
  title = {Steering Behaviors for Autonomous Characters},
  booktitle = {Game Developers Conference 1999},
  year = {1999},
  abstract = {This paper presents solutions for one requirement of autonomous characters
	in animation and games: the ability to navigate around their world
	in a life-like and improvisational manner. These "steering behaviors"
	are largely independent of the particulars of the character's means
	of locomotion. Combinations of steering behaviors can be used to
	achieve higher level goals (For example: get from here to there while
	avoiding obstacles, follow this corridor, join that group of characters...)
	This...},
  citeulike-article-id = {895373},
  citeulike-linkout-0 = {http://citeseerx.ist.psu.edu/viewdoc/summary?doi=10.1.1.16.8035},
  comment = {å¾ˆæ£’çš„ä¸€ç¯‡paperï¼Œè?½èªªä»?è€€å­¸é•·å¤§å­¸æ™‚çš„äººç¾¤å°ˆé¡Œï¼Œä¹Ÿæ˜¯å¯¦ä½œé€™ç¯‡ã€‚},
  keywords = {collision\_avoidance, simulation, steering},
  posted-at = {2006-10-16 03:27:35},
  priority = {0},
  url = {http://citeseerx.ist.psu.edu/viewdoc/summary?doi=10.1.1.16.8035}
}
@book{lerusalimschy:2006,
 author = {Lerusalimschy, Roberto and Figueiredo, Luiz Henrique de and Celes, Waldemar},
 title = {Lua 5.1 Reference Manual},
 year = {2006},
 isbn = {8590379833},
 publisher = {Lua.Org},
 }